@phdthesis{rashid2015semantic,
	title={Semantic network and frame knowledge representation formalisms in artificial intelligence},
	author={Rashid, Pshtiwan Qader},
	year={2015},
	school={Eastern Mediterranean University (EMU)-Do{\u{g}}u Akdeniz {\"U}niversitesi (DA{\"U})}
}
@article{карелин2014модели,
	title={Модели и методы представления знаний и выработки решений в интеллектуальных информационных системах c нечёткой логикой},
	author={Карелин, Владимир Петрович},
	journal={Вестник Таганрогского института управления и экономики},
	number={1 (19)},
	pages={75--83},
	year={2014},
	publisher={Негосударственное образовательное учреждение высшего профессионального~…}
}
@article{белоус2010современные,
	title={Современные модели представления знаний в обучающих системах},
	author={Белоус, ЕС and Кудинов, ВА and Желнин, МЭ},
	journal={Ученые записки. Электронный научный журнал Курского государственного университета},
	number={1 (13)},
	pages={9--14},
	year={2010},
	publisher={Федеральное государственное бюджетное образовательное учреждение высшего~…}
}
@book{нильсон1985принципы,
	title={Принципы искусственного интеллекта},
	author={Нильсон, Нильс},
	year={1985},
	publisher={Радио и связь}
}
@article{попова2019основные,
	title={Основные направления развития правового регулирования использования искусственного интеллекта, роботов и объектов робототехники в сфере гражданских правоотношений},
	author={Попова, НФ},
	journal={Современное право},
	number={10},
	pages={69--73},
	year={2019},
	publisher={Общество с ограниченной ответственностью Издательство Новый индекс}
}
@inproceedings{nguyen2020lemma,
	title={Lemma Suggesting in PVS using Machine Learning},
	author={Nguyen, Kyle and Moscato, Mariano and Slagel, J Tanner},
	booktitle={2020 Summer Interns Exit Deliverables},
	year={2020}
}
@article{загорулько2011подход,
	title={Подход к построению интеллектуальных информационных систем на основе семантических сетей},
	author={Загорулько, ЮА},
	journal={Открытые семантические технологии проектирования интеллектуальных систем},
	number={1},
	pages={15--20},
	year={2011},
	publisher={Белорусский государственный университет информатики и радиоэлектроники}
}
@book{шенк1980обработка,
	title={Обработка концептуальной информации},
	author={Шенк, Р and В. М Брябрин ред},
	year={1980},
	publisher={Энергия}
}
@article{поспелов2020ситуационное,
	title={Ситуационное управление: новый виток развития},
	author={Поспелов, Дмитрий А},
	journal={Мягкие измерения и вычисления},
	volume={29},
	number={4},
	pages={20--27},
	year={2020},
	publisher={Общество с ограниченной ответственностью Издательский дом Научная библиотека}
}
@article{братко2004алгоритмы,
	title={Алгоритмы искусственного интеллекта на языке PROLOG},
	author={Братко, Иван},
	year={2004},
	publisher={Вильямс}
}
@book{минский1979фреймы,
	title={Фреймы для представления знаний},
	author={Минский, Марвин},
	year={1979},
	publisher={Энергия}
}
@article{гладун2004растущие,
	title={Растущие пирамидальные сети},
	author={Гладун, ВП},
	journal={Новости искусственного интеллекта},
	volume={1},
	pages={30--40},
	year={2004}
}
@article{knight1989unification,
	title={Unification: A multidisciplinary survey},
	author={Knight, Kevin},
	journal={ACM Computing Surveys (CSUR)},
	volume={21},
	number={1},
	pages={93--124},
	year={1989},
	publisher={ACM New York, NY, USA}
}
@inproceedings{abdul2007common,
	title={A common design-features ontology for product data semantics interoperability},
	author={Abdul-Ghafour, Samer and Ghodous, Parisa and Shariat, Behzad and Perna, Eliane},
	booktitle={IEEE/WIC/ACM International Conference on Web Intelligence (WI'07)},
	pages={443--446},
	year={2007},
	organization={IEEE}
}
@article{белоус2010современные,
	title={Современные модели представления знаний в обучающих системах},
	author={Белоус, ЕС and Кудинов, ВА and Желнин, МЭ},
	journal={Ученые записки. Электронный научный журнал Курского государственного университета},
	number={1 (13)},
	pages={9--14},
	year={2010},
	publisher={Федеральное государственное бюджетное образовательное учреждение высшего~…}
}